<record><leader>00000cas a2200000 a 4500</leader><controlfield tag="001">36518999</controlfield><controlfield tag="008">970310d19031905oruwr ne      0    0eng c</controlfield><datafield ind1=" " ind2=" " tag="010"><subfield code="a">sn 96088496 </subfield></datafield><datafield ind1=" " ind2=" " tag="040"><subfield code="a">OCN</subfield><subfield code="b">eng</subfield><subfield code="c">OCN</subfield><subfield code="d">OCLCQ</subfield><subfield code="d">ORU</subfield><subfield code="d">OCLCQ</subfield><subfield code="d">OCLCF</subfield><subfield code="d">OCLCO</subfield></datafield><datafield ind1=" " ind2=" " tag="042"><subfield code="a">pcc</subfield></datafield><datafield ind1=" " ind2=" " tag="043"><subfield code="a">n-us-or</subfield></datafield><datafield ind1="0" ind2=" " tag="130"><subfield code="a">Appeal (Arlington, Or.)</subfield></datafield><datafield ind1="1" ind2="4" tag="245"><subfield code="a">The Appeal.</subfield></datafield><datafield ind1=" " ind2=" " tag="260"><subfield code="a">Arlington, Or. :</subfield><subfield code="b">S.A. Thomas,</subfield><subfield code="c">1903-1905.</subfield></datafield><datafield ind1=" " ind2=" " tag="300"><subfield code="a">3 v.</subfield></datafield><datafield ind1=" " ind2=" " tag="310"><subfield code="a">Weekly</subfield></datafield><datafield ind1="0" ind2=" " tag="362"><subfield code="a">Vol. 1, no. 7 (Apr. 9, 1903)-v. 3, no. 25 (Aug. 10, 1905).</subfield></datafield><datafield ind1=" " ind2=" " tag="530"><subfield code="a">Also issued on microfilm from University of Oregon.</subfield></datafield><datafield ind1=" " ind2="0" tag="651"><subfield code="a">Arlington (Or.)</subfield><subfield code="v">Newspapers.</subfield></datafield><datafield ind1=" " ind2="7" tag="655"><subfield code="a">Newspapers.</subfield><subfield code="2">fast</subfield><subfield code="0">(OCoLC)fst01423814</subfield></datafield><datafield ind1=" " ind2="7" tag="651"><subfield code="a">Oregon</subfield><subfield code="z">Arlington.</subfield><subfield code="2">fast</subfield><subfield code="0">(OCoLC)fst01203163</subfield></datafield><datafield ind1=" " ind2=" " tag="752"><subfield code="a">United States</subfield><subfield code="b">Oregon</subfield><subfield code="c">Gilliam</subfield><subfield code="d">Arlington.</subfield></datafield><datafield ind1="0" ind2="0" tag="780"><subfield code="t">Arlington appeal</subfield><subfield code="w">(DLC)sn 96088493</subfield><subfield code="w">(OCoLC)36519005</subfield></datafield></record>